<record><leader>00000cas a22000007a 4500</leader><controlfield tag="001">17624857</controlfield><controlfield tag="008">880314d19371937lauwr ne      0    0eng d</controlfield><datafield ind1=" " ind2=" " tag="010"><subfield code="a">sn 88064266 </subfield></datafield><datafield ind1=" " ind2=" " tag="040"><subfield code="a">LNP</subfield><subfield code="b">eng</subfield><subfield code="c">LNP</subfield><subfield code="d">OCLCQ</subfield></datafield><datafield ind1=" " ind2=" " tag="042"><subfield code="a">msc</subfield></datafield><datafield ind1="0" ind2="4" tag="245"><subfield code="a">The Webster review signal tribune-Springhill journal.</subfield></datafield><datafield ind1=" " ind2=" " tag="260"><subfield code="a">Minden, Webster Parish, La. :</subfield><subfield code="b">H.T. Spiva</subfield></datafield><datafield ind1=" " ind2=" " tag="310"><subfield code="a">Weekly</subfield></datafield><datafield ind1="0" ind2=" " tag="362"><subfield code="a">Vol. 72, no. 47 (Apr. 27, 1937)-v. 73, no. 20 (Oct. 19, 1937).</subfield></datafield><datafield ind1=" " ind2=" " tag="752"><subfield code="a">United States</subfield><subfield code="b">Louisiana</subfield><subfield code="c">Webster</subfield><subfield code="d">Minden.</subfield></datafield><datafield ind1="0" ind2="4" tag="780"><subfield code="t">Webster review (Minden, La.)</subfield><subfield code="w">(DLC)sn 88064265</subfield></datafield><datafield ind1="0" ind2="4" tag="780"><subfield code="t">Minden signal-tribune and the Springhill journal</subfield><subfield code="w">(DLC)sn 88064264</subfield></datafield><datafield ind1="0" ind2="0" tag="785"><subfield code="t">Webster review the signal-tribune</subfield><subfield code="w">(DLC)sn 88064267</subfield></datafield></record>